<record><leader>00000cas a22000007i 4500</leader><controlfield tag="001">192107204</controlfield><controlfield tag="006">m     o  d        </controlfield><controlfield tag="007">cr |n||||||||n</controlfield><controlfield tag="008">080109d18831928iduwr neo     0   a0eng d</controlfield><datafield ind1=" " ind2=" " tag="010"><subfield code="a">  2015218556</subfield></datafield><datafield ind1=" " ind2=" " tag="040"><subfield code="a">GNINE</subfield><subfield code="c">GNINE</subfield><subfield code="d">OCLCQ</subfield><subfield code="d">VOD</subfield><subfield code="d">CUI</subfield><subfield code="d">OCLCF</subfield><subfield code="d">DLC</subfield></datafield><datafield ind1="0" ind2=" " tag="022"><subfield code="a">2377-5963</subfield><subfield code="2">1</subfield></datafield><datafield ind1="1" ind2=" " tag="029"><subfield code="a">AU@</subfield><subfield code="b">000043749812</subfield></datafield><datafield ind1="1" ind2=" " tag="029"><subfield code="a">NZ1</subfield><subfield code="b">16034407</subfield></datafield><datafield ind1=" " ind2=" " tag="042"><subfield code="a">msc</subfield><subfield code="a">nsdp</subfield></datafield><datafield ind1=" " ind2=" " tag="043"><subfield code="a">n-us-id</subfield></datafield><datafield ind1="1" ind2="0" tag="050"><subfield code="a">ISSN RECORD</subfield></datafield><datafield ind1="1" ind2="4" tag="050"><subfield code="a">AN1</subfield><subfield code="b">.A15</subfield></datafield><datafield ind1="0" ind2="0" tag="082"><subfield code="a">071</subfield><subfield code="2">23</subfield></datafield><datafield ind1=" " ind2="4" tag="222"><subfield code="a">The Caldwell tribune</subfield><subfield code="b">(Online)</subfield></datafield><datafield ind1="0" ind2="4" tag="245"><subfield code="a">The Caldwell tribune.</subfield></datafield><datafield ind1=" " ind2="1" tag="264"><subfield code="a">Caldwell, Idaho :</subfield><subfield code="b">Steunenberg Bros.</subfield></datafield><datafield ind1=" " ind2=" " tag="300"><subfield code="a">1 online resource</subfield></datafield><datafield ind1=" " ind2=" " tag="310"><subfield code="a">Weekly</subfield></datafield><datafield ind1=" " ind2=" " tag="321"><subfield code="a">Semiweekly,</subfield><subfield code="b">Apr. 14, 1894-&lt;1895&gt;</subfield></datafield><datafield ind1=" " ind2=" " tag="336"><subfield code="a">text</subfield><subfield code="b">txt</subfield><subfield code="2">rdacontent</subfield></datafield><datafield ind1=" " ind2=" " tag="337"><subfield code="a">computer</subfield><subfield code="b">c</subfield><subfield code="2">rdamedia</subfield></datafield><datafield ind1=" " ind2=" " tag="338"><subfield code="a">online resource</subfield><subfield code="b">cr</subfield><subfield code="2">rdacarrier</subfield></datafield><datafield ind1="1" ind2=" " tag="362"><subfield code="a">Began Dec. 15, 1883-no. 207 (Dec. 30, 1893). New numbering began with vol. 11, no. 1 (January 9 [i.e. 6], 1894); ceased with vol. 46, no. 14 (April 15, 1928).</subfield></datafield><datafield ind1=" " ind2=" " tag="500"><subfield code="a">Reproduction of original from Idaho Historical Society.</subfield></datafield><datafield ind1=" " ind2=" " tag="500"><subfield code="a">Publisher: Cauldwell Tribune Publishing Co., &lt;December 26, 1922&gt;.</subfield></datafield><datafield ind1=" " ind2=" " tag="588"><subfield code="a">Description based on: Vol. V, no. 3 (January 14, 1888); title from masthead (Chroniclingamerica.loc.gov, viewed February 26, 2015).</subfield></datafield><datafield ind1=" " ind2=" " tag="588"><subfield code="a">Latest issue consulted: Vol. 41, no. 2 (December 26, 1922) (Chroniclingamerica.loc.gov, viewed February 26, 2015).</subfield></datafield><datafield ind1=" " ind2="0" tag="651"><subfield code="a">Caldwell (Idaho)</subfield><subfield code="v">Newspapers.</subfield></datafield><datafield ind1=" " ind2="7" tag="651"><subfield code="a">Idaho</subfield><subfield code="z">Caldwell.</subfield><subfield code="2">fast</subfield><subfield code="0">(OCoLC)fst01220487</subfield></datafield><datafield ind1=" " ind2="7" tag="655"><subfield code="a">Newspapers.</subfield><subfield code="2">fast</subfield><subfield code="0">(OCoLC)fst01423814</subfield></datafield><datafield ind1=" " ind2=" " tag="752"><subfield code="a">United States</subfield><subfield code="b">Idaho</subfield><subfield code="c">Canyon</subfield><subfield code="d">Caldwell.</subfield></datafield><datafield ind1="0" ind2="8" tag="776"><subfield code="i">Originally issued in print:</subfield><subfield code="t">Caldwell tribune</subfield><subfield code="x">2377-5955</subfield><subfield code="w">(DLC)sn 86091092</subfield><subfield code="w">(OCoLC)13107264</subfield></datafield><datafield ind1="0" ind2="7" tag="785"><subfield code="t">Caldwell news (Caldwell, Idaho)</subfield></datafield><datafield ind1="0" ind2="7" tag="785"><subfield code="t">Caldwell news-tribune</subfield></datafield><datafield ind1="4" ind2=" " tag="856"><subfield code="u">http://gale.cengage.com/usnewspapers/</subfield><subfield code="z">Available to subscribing institutions</subfield></datafield><datafield ind1="4" ind2="0" tag="856"><subfield code="u">http://www.loc.gov/chroniclingamerica/lccn/sn86091092/issues</subfield></datafield></record>